@manual{UAS-FAC,
  author = {{AAAES}},
  title = {Guía UASCUAS},
  organization = {Fuerza Aérea Colombiana},
  year = {2022},
  note = {[Online]. Available: \url{https://aaaes.fac.mil.co/sites/aaaes/files/AAAES/documentos/normatividad2022/Guias/guia_uascuas.pdf}. [Accessed: Jun. 19, 2024]}
}

@article{paper,
  author = {Ebeid, Emad Samuel Malki and Skriver, Martin and Laursen, Kristian and Jensen, Kjeld and Schultz, Ulrik},
  title = {A Survey of Open-Source UAV Flight Controllers and Flight Simulators},
  journal = {Microprocessors and Microsystems},
  volume = {61},
  year = {2018},
  doi = {10.1016/j.micpro.2018.05.002}
}

@article{rtos,
  author = {Rico, Ramon and Rico-Azagra, Javier and Gil-Martinez, Montserrat},
  title = {Hardware and RTOS Design of a Flight Controller for Professional Applications},
  journal = {IEEE Access},
  volume = {PP},
  pages = {1--1},
  year = {2022},
  doi = {10.1109/ACCESS.2022.3232749}
}

@online{justin,
  author = {Justin et al.},
  title = {Flight Controller explained: Understanding FPV Drone Control Systems},
  year = {2023},
  url = {https://oscarliang.com/flight-controller-explained/},
  note = {[Accessed: Dec. 5, 2023]}
}

@misc{UAgriculture,
  author = {G. X. Beltrán Barreto},
  title = {Antecedentes, uso y aplicación de drones en Colombia como herramienta estratégica de análisis en la agricultura de precisión},
  type = {modalidad Investigación},
  institution = {Facultad de Ciencias Agropecuarias, Programa Ingeniería Agronómica, Universidad de Ciencias Ambientales y Aplicadas},
  address = {Bogotá, Colombia},
  month = {Jul.},
  year = {2023}
}
@mastersthesis{UAV1,
  author    = {J. M. Zaraza Espinosa and E. J. F. Buitrago Galvan},
  title     = {Diseño e Implementación de un Controlador de Vuelo para un Vehículo Aéreo Autónomo No Tripulado (UAV) Parrot Mambo},
  school    = {Universidad Industrial de Santander},
  address   = {Bucaramanga},
  year      = {2023},
  note      = {Facultad de Ingenierías Físicomecánicas, Escuela de Ingeniería Mecánica}
}

@mastersthesis{UAV2,
  author    = {J. A. Gomez Chavarro},
  title     = {Diseño y Construcción de Vehículo Aéreo No Tripulado Tipo RPV},
  school    = {Universidad Autónoma de Occidente},
  address   = {Santiago de Cali},
  year      = {2008},
  note      = {Facultad de Ingeniería, Departamento de Automática y Electrónica, Programa Ingeniería Mecatrónica}
}

@misc{alafija,
  author    = {Iaerocol},
  title     = {¿Qué son los drones de Ala Fija? Aprende Sus Características},
  year      = {2023},
  url       = {https://iaerocol.co/blog/que-son-los-drones-de-ala-fija/},
  note      = {Accessed: Dec. 5, 2023},
}

@misc{6,
  title     = {Flight Controllers explained for everyone},
  year      = {2023},
  url       = {https://fusion.engineering/flight-controllers-explained-for-everyone/},
  note      = {Accessed: Dec. 5, 2023}
}

@article{7,
  author    = {E. Oland and R. Schlanbusch and R. Kristiansen},
  title     = {Underactuated Waypoint Tracking of a Fixed-Wing UAV},
  journal   = {IFAC Proceedings Volumes},
  volume    = {46},
  number    = {30},
  pages     = {126--133},
  year      = {2013},
  doi       = {10.3182/20131120-3-FR-4045.00007}
}
@misc{8,
  author = {{NASA}},
  title = {Technology readiness levels},
  year = 2023,
  url = {https://www.nasa.gov/directorates/somd/space-communications-navigation-program/technology-readiness-levels/},
  note = {Accessed: Dec. 6, 2023}
}

@thesis{9,
  author = {Pérez Rocha, A.},
  title = {Desarrollo de un controlador óptimo para un aeromodelo tipo avioneta},
  year = 2011,
  institution = {Universidad de los Andes}
}

@misc{10,
  author = {Álvarez Gómez, S.},
  title = {Construcción de un vehículo aéreo no tripulado con un sistema de aterrizaje autónomo},
  year = 2018,
  note = {Online. Accessed: Dec. 6, 2023},
  institution = {Universidad de los Andes}
}

@misc{reaper,
  author = {Defense Update},
  title = {Reaper ER Extends RPA Missions to +33 Hours},
  year = 2015,
  month = sep,
  day = 16,
  url = {https://defense-update.com/20150916_reaper_er.html},
  note = {Accessed: Mar. 10, 2024}
}

@misc{controladores,
  author = {Liang, O.},
  title = {Flight Controller Explained: Understanding FPV Drone Control Systems},
  year = 2023,
  url = {https://oscarliang.com/flight-controller-explained/},
  note = {Accessed: Mar. 10, 2024}
}

@misc{MCU,
  author = {Equipo de redacción de Drew},
  title = {MCU: Main control unit, ¿qué es?},
  year = 2021,
  month = jun,
  url = {https://blog.wearedrew.co/mcu-main-control-unit-que-es},
  note = {Accessed: Mar. 10, 2024}
}

@misc{IMU,
  author = {UAV Navigation},
  title = {UAV Navigation en Profundidad: Qué es una IMU y para qué se utiliza},
  year = 2022,
  month = feb,
  url = {https://www.uavnavigation.com/es/empresa/blog/que-es-un-imu},
  note = {Accessed: Mar. 10, 2024}
}

@misc{GPS,
  author = {Umiles Group},
  title = {GPS en Drones: Para qué sirve y cuándo se utiliza},
  year = 2023,
  month = aug,
  url = {https://umilesgroup.com/gps-drones/},
  note = {Accessed: Mar. 10, 2024}
}

@misc{BNO,
  author = {BricoGeek},
  title = {Sensor inercial Absoluto 9 DOF BNO055 Adafruit 4646},
  year = 2024,
  url = {https://tienda.bricogeek.com/medicion-inercial-imu/802-sensor-inercial-absoluto-9-dof-bno055.html},
  note = {Accessed: Mar. 10, 2024}
}

@misc{MPU6050,
  author = {Vistronica},
  title = {Módulo MPU6050 para Arduino},
  year = 2024,
  url = {https://www.vistronica.com/sensores/imu/modulo-mpu6050-para-arduino-detail.html},
  note = {Accessed: Mar. 10, 2024}
}

@misc{GPS2,
  author = {MATEKSYS},
  title = {M10Q-5883},
  year = 2023,
  url = {https://www.mateksys.com/?portfolio=m10q-5883},
  note = {Accessed: Mar. 10, 2024}
}

@misc{ESP32S3,
  author = {Espressif Systems},
  title = {ESP32-S3 Series Datasheet},
  year = 2023,
  version = {v1.8},
  url = {www.espressif.com},
  note = {Accessed: Mar. 10, 2024}
}

@misc{flysky,
  author = {FlySky RC Model Technology Co., Ltd},
  title = {FS-i6 Digital Proportional Radio Control System Instruction Manual},
  year = {2015-2016},
  url = {https://www.flysky-cn.com/fsi6}
}

@misc{NRF,
  author = {Dejan Nedelkovski},
  title = {Arduino Wireless Communication – NRF24L01 Tutorial},
  year = 2024,
  url = {https://howtomechatronics.com/tutorials/arduino/arduino-wireless-communication-nrf24l01-tutorial/},
  note = {Accessed: Mar. 10, 2024}
}

@misc{IPC,
  author = {Aldeltatec},
  title = {Norma IPC-2221B para Diseño de PCB - Actualización},
  year = 2024,
  url = {https://www.aldeltatec.com/blog-diseno-con-normas-y-certificaciones/norma-ipc-2221b-para-diseno-de-pcb-actualizacion/},
  note = {Accessed: Jun. 10, 2024}
}

@misc{circular_aerea,
  author = {International Civil Aviation Organization},
  title = {Unmanned Aircraft Systems (UAS)},
  year = 2011,
  publisher = {ICAO Circular 328-AN/190}
}
